%% This BibTeX bibliography file was created using BibDesk.
%% http://bibdesk.sourceforge.net/


%% Created for Alan Munn at 2017-06-23 13:07:54 -0400 


%% Saved with string encoding Unicode (UTF-8) 



@article{Munn1999,
	Author = {Alan Munn},
	Date-Modified = {2017-06-22 21:40:46 +0000},
	Journal = {Linguistic Inquiry},
	Pages = {643-668},
	Title = {First Conjunct Agreement: Against a Clausal Analysis},
	Volume = {30},
	Year = {1999}}

@article{Munn2005,
	Author = {Alan Munn and Cristina Schmitt},
	Journal = {Lingua},
	Pages = {821-855},
	Title = {Number and Indefinites},
	Volume = {115},
	Year = {2005}}
